@misc{web:ssi_wikipedia,
  author = {Wikipedia},
  title = {Auto-Identidad Soberana},
  year = {2022},
  note = {Act. 2 de junio de 2022},
  url = {https://es.wikipedia.org/wiki/Auto-Identidad_Soberana}
}

@misc{web:identidad2o_wikipedia,
  author = {Wikipedia},
  title = {IDentidad 2.0},
  year = {2022},
  note = {Act. 2 de junio de 2022},
  url = {https://es.wikipedia.org/wiki/Identidad_2.0}
}

@misc{web:participacion,
  author = {Revista Mediterránea de Comunicación},
  title = {La cultura de la Participación},
  year = {2013.4.2.17},
  note = {Act. 2 de junio de 2022},
  url = {https://www.mediterranea-comunicacion.org/article/view/2013-v4-n2-la-cultura-de-la-participacion}
}

@misc{web:p2p,
  author = {Wikipedia},
  title = {Peer-to-peer},
  year = {2022},
  note = {Act. 2 de junio de 2022},
  url = {https://es.wikipedia.org/wiki/Peer-to-peer}
}

@misc{web:ipfs,
  author = {IPFS},
  title = {IPFS powers the Distributed Web},
  year = {2022},
  note = {Act. 2 de junio de 2022},
  url = {https://ipfs.io/}
}


@misc{web:blockchain,
  author = {Wikipedia},
  title = {Cadena de bloques},
  year = {2022},
  note = {Act. 2 de junio de 2022},
  url = {https://es.wikipedia.org/wiki/Cadena_de_bloques}
}

@misc{web:sample_smart_contract,
  author = {Joseph Cook},
  title = {Introduction to smart contracts},
  year = {2022},
  note = {Act. 2 de junio de 2022},
  url = {https://ethereum.org/en/developers/docs/smart-contracts/#a-digital-vending-machine}
}

@misc{web:gas_price,
  author = {YCharts},
  title = {Ethereum Average Gas Price},
  year = {2022},
  note = {Act. 2 de junio de 2022},
  url = {https://ycharts.com/indicators/ethereum_average_gas_price}
}

@misc{web:reddit_ethereum,
  author = {Liberosist},
  title = {Addressing common criticisms about Ethereum},
  year = {2021},
  note = {Act. 2 de junio de 2022},
  url = {https://old.reddit.com/r/ethereum/comments/najp2c/addressing_common_criticisms_about_ethereum/}
}

@misc{web:reddit_ethereum_comment,
  author = {Liberosist},
  title = {Addressing common criticisms about Ethereum (Comment)},
  year = {2021},
  note = {Act. 2 de junio de 2022},
  url = {https://old.reddit.com/r/ethereum/comments/najp2c/addressing_common_criticisms_about_ethereum/}
}

@misc{web:EIP,
  author = {Vitalik Buterin},
  title = {Ethereum Imporvement Proposals},
  year = {2022},
  note = {Act. 2 de junio de 2022},
  url = {https://eips.ethereum.org/}
}

@misc{web:webtorrent,
  author = {webtorrent},
  title = {The streaming torrent client. For node.js and the web.},
  year = {2022},
  note = {Act. 2 de junio de 2022},
  url = {https://github.com/webtorrent/webtorrent}
}

@misc{web:webtorrent_faq,
  author = {webtorrent},
  title = {Frequently Asked Questions},
  year = {2022},
  note = {Act. 2 de junio de 2022},
  url = {https://webtorrent.io/faq}
}

@misc{web:ipfs_modularity,
  author = {IPFS},
  title = {Privacy and encryption},
  year = {2022},
  note = {Act. 2 de junio de 2022},
  url = {https://docs.ipfs.io/concepts/privacy-and-encryption/}
}

@misc{web:asimetrica,
  author = {Wikipedia},
  title = {Criptografía asimétrica},
  year = {2022},
  note = {Act. 2 de junio de 2022},
  url = {https://es.wikipedia.org/wiki/Criptograf%C3%ADa_asim%C3%A9trica}
}

@misc{web:tweetnacl,
  author = {TweetNaCl.js},
  title = {TweetNaCl.js is a port of TweetNaCl / NaCl to JavaScript. It implements secret-key authenticated encryption, public-key authenticated encryption, hashing, and public-key signatures. High-level crypto library in only 7 KB (minified and gzipped)!},
  year = {2022},
  note = {Act. 2 de junio de 2022},
  url = {https://tweetnacl.js.org/}
}

@misc{web:tweetnacl_elevator,
  author = {Matthew Green},
  title = {The anatomy of a bad idea},
  year = {2012},
  note = {Act. 2 de junio de 2022},
  url = {http://blog.cryptographyengineering.com/2012/12/the-anatomy-of-bad-idea.html}
}

@misc{web:aes_wikipedia,
  author = {Wikipedia},
  title = {Advanced Encryption Standard},
  year = {2022},
  note = {Act. 2 de junio de 2022},
  url = {https://en.wikipedia.org/wiki/Advanced_Encryption_Standard#Security}
}

@misc{web:ipfs_whatis,
  author = {IPFS},
  title = {What is IPFS?},
  year = {2022},
  note = {Act. 3 de junio de 2022},
  url = {https://docs.ipfs.io/concepts/what-is-ipfs/}
}

@misc{web:notion,
  author = {Notion},
  title = {One workspace. Every team.},
  year = {2022},
  note = {Act. 3 de junio de 2022},
  url = {https://www.notion.so/}
}

@misc{web:wikipedia_main,
  author = {Wikipedia},
  title = {Wikipedia, the free encyclopedia},
  year = {2022},
  note = {Act. 3 de junio de 2022},
  url = {https://en.wikipedia.org/wiki/Main_Page}
}

@misc{web:canIuse,
  author = {Can I use},
  title = {JavaScript modules: dynamic import()},
  year = {2022},
  note = {Act. 3 de junio de 2022},
  url = {https://caniuse.com/?search=import}
}

@misc{web:ecma,
  author = {Shu-yu Guo, Michael Ficarra, Kevin Gibbons and the community},
  title = {ECMAScript® 2023 Language Specification},
  year = {2022},
  note = {Act. 3 de junio de 2022},
  url = {https://tc39.es/ecma262/}
}

@misc{web:next_supported,
  author = {Next.js},
  title = {Supported Browsers and Features},
  year = {2022},
  note = {Act. 3 de junio de 2022},
  url = {https://nextjs.org/docs/basic-features/supported-browsers-features}
}

@misc{web:eth_energy,
  author = {Carl Beekhuizen},
  title = {Ethereum's energy usage will soon decrease by ~99.95%},
  year = {2021},
  note = {Act. 5 de junio de 2022},
  url = {https://blog.ethereum.org/2021/05/18/country-power-no-more/}
}

@misc{web:carbono,
  author = {Digiconomist},
  title = {Ethereum Energy Consumption Index},
  year = {2022},
  note = {Act. 5 de junio de 2022},
  url = {https://digiconomist.net/ethereum-energy-consumption/}
}

@misc{web:eip_bomb,
  author = {Tim Beiko, James Hancock, Thomas Jay Rush},
  title = {EIP-4345: Difficulty Bomb Delay to June 2022},
  year = {2021},
  note = {Act. 5 de junio de 2022},
  url = {https://eips.ethereum.org/EIPS/eip-4345}
}

@misc{web:repo,
  author = {Aitor Ruiz Garcia},
  title = {tfg-self-sovereign-identity},
  year = {2021},
  note = {Act. 5 de junio de 2022},
  url = {https://github.com/aitorru/tfg-self-sovereign-identity}
}

@misc{web:code-oss,
  author = {Arch wiki},
  title = {Visual Studio Code},
  year = {2022},
  note = {Act. 5 de junio de 2022},
  url = {https://wiki.archlinux.org/title/Visual_Studio_Code}
}

@misc{web:did-spec,
  author = {Christian Gribneau, Michael Prorock, ...},
  title = {did:web Method Specification},
  year = {2021},
  note = {Act. 6 de junio de 2022},
  url = {https://w3c-ccg.github.io/did-method-web/}
}

@misc{web:LICENSE,
  author = {Free Software Foundation, Inc},
  title = {GNU GENERAL PUBLIC LICENSE},
  year = {2007},
  note = {Act. 6 de junio de 2022},
  url = {https://github.com/aitorru/tfg-self-sovereign-identity/blob/3e0d01524501228ab263dfa9b48965ce650cee35/LICENSE}
}

@misc{web:metamask_wiki,
  author = {Metamask},
  title = {MetaMask Docs},
  year = {2007},
  note = {Act. 7 de junio de 2022},
  url = {https://docs.metamask.io/guide/rpc-api.html#unrestricted-methods}
}

@misc{web:spa,
  author = {Wikipedia},
  title = {Single-page application},
  year = {2022},
  note = {Act. 7 de junio de 2022},
  url = {https://en.wikipedia.org/wiki/Single-page_application}
}

@misc{web:unix-like,
  author = {Wikipedia},
  title = {Unix-like},
  year = {2022},
  note = {Act. 7 de junio de 2022},
  url = {https://en.wikipedia.org/wiki/Unix-like}
}

@misc{web:arch,
  author = {Wikipedia},
  title = {Arch Linux},
  year = {2022},
  note = {Act. 7 de junio de 2022},
  url = {https://en.wikipedia.org/wiki/Arch_Linux}
}

@misc{web:npm,
  author = {Wikipedia},
  title = {npm (software)},
  year = {2022},
  note = {Act. 8 de junio de 2022},
  url = {https://en.wikipedia.org/wiki/Npm_(software)}
}

@misc{web:eslint,
  author = {ESLint},
  title = {Find and fix problems in your JavaScript code},
  year = {2022},
  note = {Act. 8 de junio de 2022},
  url = {https://eslint.org/}
}

@misc{web:next.js,
  author = {next.js},
  title = {The React Framework for Production},
  year = {2022},
  note = {Act. 8 de junio de 2022},
  url = {https://nextjs.org/}
}

@misc{web:js-ipfs,
  author = {js-ipfs},
  title = {A full P2P protocol written entirely in JavaScript},
  year = {2022},
  note = {Act. 8 de junio de 2022},
  url = {https://js.ipfs.io/}
}

@misc{web:mvc,
  author = {Wikipedia},
  title = {Model–view–controller},
  year = {2022},
  note = {Act. 8 de junio de 2022},
  url = {https://en.wikipedia.org/wiki/Model%E2%80%93view%E2%80%93controller}
}

@misc{web:ddr,
  author = {Tobias Persson},
  title = {BitSquid Tech Benefits of a data-driven renderer},
  year = {2011},
  note = {Act. 8 de junio de 2022},
  url = {https://www.gamedevs.org/uploads/benefits-of-a-data-driven-renderer.pdf}
}

@misc{web:relational-database,
  author = {Wikipedia},
  title = {Relational database},
  year = {2022},
  note = {Act. 8 de junio de 2022},
  url = {https://en.wikipedia.org/wiki/Relational_database}
}

@misc{web:hash-table,
  author = {Wikipedia},
  title = {Hash table},
  year = {2022},
  note = {Act. 8 de junio de 2022},
  url = {https://en.wikipedia.org/wiki/Hash_table}
}

@misc{web:redis,
  author = {Wikipedia},
  title = {Redis},
  year = {2022},
  note = {Act. 8 de junio de 2022},
  url = {https://en.wikipedia.org/wiki/Redis}
}

@misc{web:mongodb,
  author = {Wikipedia},
  title = {MongoDB},
  year = {2022},
  note = {Act. 8 de junio de 2022},
  url = {https://en.wikipedia.org/wiki/MongoDB}
}

@misc{web:did,
  author = {Wikipedia},
  title = {Decentralized identifier},
  year = {2022},
  note = {Act. 8 de junio de 2022},
  url = {https://en.wikipedia.org/wiki/Decentralized_identifier}
}

@misc{web:aragon,
  author = {Aragon},
  title = {How to use Metamask},
  year = {2022},
  note = {Act. 9 de junio de 2022},
  url = {https://hack.aragon.org/docs/guides-use-metamask}
}

@misc{web:robo_de_identidad,
  author = {Wikipedia},
  title = {Robo de identidad},
  year = {2022},
  note = {Act. 10 de junio de 2022},
  url = {https://es.wikipedia.org/wiki/Robo_de_identidad}
}

@misc{web:ciberataques,
  author = {portaltic},
  title = {Los ciberataques más importantes de 2021 en España: SEPE, Phone House o MediaMarkt},
  year = {2021},
  note = {Act. 10 de junio de 2022},
  url = {https://www.europapress.es/portaltic/ciberseguridad/noticia-ciberataques-mas-importantes-2021-espana-sepe-phone-house-mediamarkt-20211130090050.html}
}

@misc{web:CA,
  author = {Wikipedia},
  title = {Escándalo Facebook-Cambridge Analytica},
  year = {2022},
  note = {Act. 10 de junio de 2022},
  url = {https://es.wikipedia.org/wiki/Esc%C3%A1ndalo_Facebook-Cambridge_Analytica}
}

@misc{web:huella,
  author = {Wikipedia},
  title = {Huella digital en Internet},
  year = {2022},
  note = {Act. 10 de junio de 2022},
  url = {https://es.wikipedia.org/wiki/Esc%C3%A1ndalo_Facebook-Cambridge_Analytica}
}

@misc{web:gigantes,
  author = {Wikipedia},
  title = {Gigantes tecnológicos},
  year = {2022},
  note = {Act. 10 de junio de 2022},
  url = {https://es.wikipedia.org/wiki/Gigantes_tecnol%C3%B3gicos}
}

@misc{web:EBSI,
  author = {Portal administración electrónica},
  title = {EBSI: la infraestructura europea de blockchain en marcha},
  year = {2022},
  note = {Act. 10 de junio de 2022},
  url = {https://administracionelectronica.gob.es/pae_Home/pae_Actualidad/pae_Noticias/Anio2022/Abril/Noticia-2022-04-08-EBSI-la-infraestructura-europea-de-blockchain-en-marcha.html}
}

@misc{web:eIDAS,
  author = {Wikipedia},
  title = {eIDAS},
  year = {2022},
  note = {Act. 10 de junio de 2022},
  url = {https://es.wikipedia.org/wiki/EIDAS}
}

@misc{web:CE,
  author = {Comisión Europea},
  title = {REGLAMENTO DEL PARLAMENTO EUROPEO Y DEL CONSEJO},
  year = {2021},
  note = {Act. 10 de junio de 2022},
  url = {https://eur-lex.europa.eu/legal-content/ES/TXT/HTML/?uri=CELEX:52021PC0281&from=DA}
}

@misc{web:ganache,
  author = {Ganache},
  title = {One click blockchain},
  year = {2022},
  note = {Act. 10 de junio de 2022},
  url = {https://trufflesuite.com/ganache/}
}

@misc{web:hardhat,
  author = {HardHat},
  title = {Ethereum development environment for professionals},
  year = {2022},
  note = {Act. 10 de junio de 2022},
  url = {https://hardhat.org/}
}

@misc{web:solidity,
  author = {Solidity},
  title = {Solidity},
  year = {2022},
  note = {Act. 10 de junio de 2022},
  url = {https://docs.soliditylang.org/en/v0.8.14/}
}

@misc{web:pos,
  author = {Wikipedia},
  title = {Proof of stake},
  year = {2022},
  note = {Act. 10 de junio de 2022},
  url = {https://en.wikipedia.org/wiki/Proof_of_stake}
}

@misc{web:cardano_dev,
  author = {Cardano},
  title = {Cardano Developer Portal},
  year = {2022},
  note = {Act. 10 de junio de 2022},
  url = {https://developers.cardano.org/}
}

@misc{web:sovrin,
  author = {Sovrin},
  title = {Home - Sovrin},
  year = {2022},
  note = {Act. 10 de junio de 2022},
  url = {https://sovrin.org/}
}

@misc{web:perm,
  author = {Jake Frankenfield},
  title = {Permissioned Blockchain},
  year = {2022},
  note = {Act. 10 de junio de 2022},
  url = {https://www.investopedia.com/terms/p/permissioned-blockchains.asp}
}